@article{bezzel1848,
  author    = {M. Bezzel},
  title     = {Proposal of 8-queens problem},
  journal   = {Berliner Schachzeitung},
  volume    = {3},
  pages     = {363},
  year      = {1848}
}

@book{talbi2009,
  author    = {E. G. Talbi},
  title     = {Metaheuristics: From Design to Implementation},
  publisher = {John Wiley \& Sons},
  address   = {Hoboken, NJ},
  year      = {2009}
}

@book{holland1975,
  author    = {J. H. Holland},
  title     = {Adaptation in Natural and Artificial Systems},
  publisher = {University of Michigan Press},
  address   = {Ann Arbor, MI},
  year      = {1975}
}

@article{shukla2012,
  author    = {S. K. Shukla and A. K. Tripathi and R. K. Misra},
  title     = {Performance analysis of genetic algorithm for n-queens problem},
  journal   = {International Journal of Computer Applications},
  volume    = {49},
  number    = {21},
  pages     = {1--5},
  year      = {2012}
}

@article{hunter2007,
  author    = {J. D. Hunter},
  title     = {Matplotlib: A 2D graphics environment},
  journal   = {Computing in Science \& Engineering},
  volume    = {9},
  number    = {3},
  pages     = {90--95},
  year      = {2007}
}

@article{harris2020,
  author    = {C. R. Harris and K. J. Millman and S. J. van der Walt and R. Gommers and P. Virtanen and D. Cournapeau and E. Wieser and J. Taylor and S. Berg and N. J. Smith and R. Kern and M. Picus and S. Hoyer and M. H. van Kerkwijk and M. Brett and A. Haldane and J. F. del R{\'i}o and M. Wiebe and P. Peterson and P. G{\'e}rard-Marchant and K. Sheppard and T. Reddy and W. Weckesser and H. Abbasi and C. Gohlke and T. E. Oliphant},
  title     = {Array programming with {NumPy}},
  journal   = {Nature},
  volume    = {585},
  pages     = {357--362},
  year      = {2020}
}
@article{dijkstra1959note,
  author={E. W. Dijkstra},
  title={A note on two problems in connexion with graphs},
  journal={Numerische Mathematik},
  volume={1},
  number={1},
  pages={269--271},
  year={1959}
}

@inproceedings{moon1999genetic,
  author={B. R. Moon and J. H. Kim},
  title={Genetic algorithms for the n-queens problem},
  booktitle={Proceedings of the 1999 Congress on Evolutionary Computation},
  volume={1},
  pages={366--371},
  year={1999}
}

@book{goldberg1989genetic,
  author={D. E. Goldberg},
  title={Genetic Algorithms in Search, Optimization and Machine Learning},
  year={1989},
  publisher={Addison-Wesley},
  address={Boston, MA}
}

@article{takefuji1991artificial,
  author={Y. Takefuji and K. C. Lee},
  title={Artificial neural networks for four-coloring map problems and K-colorability problems},
  journal={IEEE Transactions on Circuits and Systems},
  volume={38},
  number={3},
  pages={326--333},
  year={1991}
}
